@article{Janner,
    author = "Michael Janner and Justin Fu and Marvin Zhang and  Sergey Levine",
    title = {"When to Trust Your Model: Model-Based Policy Optimization"},
    url  = "https://arxiv.org/pdf/1906.08253",
    year = "2021",
    journal="arxiv" ,
   doi = {
https://doi.org/10.48550/arXiv.1906.08253
}
}

@article{Zhuang,
    author = "{Fuzhen Zhuang and Zhiyuan Qi and Keyu Duan and Dongbo Xi and Yongchun Zhu and Hengshu Zhu and Hui Xiong and Qing He}",
    title = {"A Comprehensive Survey on Transfer Learning"},
    url  = "https://arxiv.org/pdf/1911.02685",
    year = "2020",
    journal="arxiv" ,
  doi ={
https://doi.org/10.48550/arXiv.1911.02685
}
}


@article{Sutton,
    author = "{Richard S. Sutton}",
    title = {"Dyna, an integrated architecture for learning, planning, and reacting"},
    url  = "https://dl.acm.org/doi/10.1145/122344.122377",
    year = "1991",
    journal="ACM",
doi ={https://doi.org/10.1145/122344.122377}
}

@article{Moerland,
    author = "{Thomas M. Moerland and Joost Broekens and Aske Plaat and Catholijn M. Jonker}",
    title = {"Model-based Reinforcement Learning: A Survey"},
    url  = "https://arxiv.org/abs/2006.16712",
    year = "2022",
    journal="arxiv"  ,
doi ={
https://doi.org/10.48550/arXiv.2006.16712
}
}

@article{Sayeda,
  author = {Khalil Al Sayeda and Abhinandana Boodia and Roozbeh Sadeghian Broujenyc and Karim Beddiard},
  title = {Reinforcement learning for HVAC control in intelligent buildings: A technical and conceptual review},
  journal = {Journal of Building Engineering},
  year = {2024},
  publisher = {Elsevier},
  doi = {10.1016/j.jobe.2024.110085}
}



@article{Taheri,
    author = "{ Saman Taheri and Paniz Hosseini and Ali Razban}",
    title = {"Model Predictive Control of Heating, Ventilation, and Air Conditioning (HVAC) Systems: A State-of-the-Art Review"},
    url  = "https://pdf.sciencedirectassets.com/312002/1-s2.0-S2352710222X00132/1-s2.0-S2352710222010750/am.pdf?X-Amz-Security-Token=IQoJb3JpZ2luX2VjEAsaCXVzLWVhc3QtMSJHMEUCIQDnCZxZegwDgCWJSHpgDkDQ9%2BiFVB80pw1MQiN4HLZXNAIgVwCOAZxocrl1iwOH9h8x86fdew6zEab9VIddfGAAUaIqsgUIZBAFGgwwNTkwMDM1NDY4NjUiDIN7pK0ZN3szcgk7yiqPBXJJClBMLFiR4kL4Aj1KFZzJGT0M61TgiP5kfNMl7hQCHfVSeZqiMOBwCH9vy%2BtBtrArYSuC3IzFcv9U59ytjWztVlNcWTbZbC7k6B1aZ1hDm19f5iOsIqUsEqz53sSB2NfDlq32tObRat7N8eWw%2BQvBCmkUJM0wzBf2S9wA4RoLbc9mDywb4rGYaX6zFQi45zTzrjL2DGdQL4ddcURcq9OFODJrQA2wp4R7Mi8c0Rk8FunlvXuhp%2B%2BWvwDSmZaMLhxcLLvkHfMjYFAAmuYbUezf4x4y9o6OPOlcwFh4qbCA5dkOCXziglJq5YnnHHSEpABCNprFBkTFp5wbMpq3pU0xi27ALDmg5jvWSnXRlbP%2BWsxELDxniylXx1SxeQPZXmUp59zCvqqraNT3XLYybeNWkrcNppiu2mMgsIEvVWRVk7sqX8ZGU3OX6gScLH9tFuM%2B6DXDcUTT7OIBdVQUkiJ8UVcVHwUfdsb4viSeO%2BNfQS8e4A52LZZxo9i5eleGuw%2FgjJYYeZzIrfZXgCObzZAsPU4GcnJpRn2ota4GHWYHGcYBXT6FIO1c1F6zS9DapDIopmJ%2FDzE6XL3znv9HL%2FexqHKq1H2fZpZtOnnhhFKe3vzfbm9ldCz36BZEvlR1rvSpNLqjiF1FDjetFas4v0fJABKhKW66%2BnRgjjH7pCe3lpX2W6nHGykUK2Q9yLmUT%2FHP0xLUZAlkrxWDQiSK2fnKzyuXj5j5q49We%2FO5Kv2ONgZsnZFW3dhXum%2FJLClzZvDbIP7WaDyyThhH%2Bxz1xlF32WtFU9dcF%2FVRIf7tme3%2FbmksUtZO8CtJilulTmyjvZjiPtBqGVEojmH0oei2CPh7O3iCQSxRB6%2FtQIQd8AYwvYbnvgY6sQEePyIHEasNDGIVZkZHlxIZ83zg8uIqJTiwijuWSz7RM2VaF16AC44Q3QyDA0b5sbABtxbC%2FGKE5Vo503zIlcrcJ8gOcTZgQuwVmkReBjK20RbE7API%2F0gqrMNcKZqz3eM3EOrFK7UvP1YxpZiYYpxFWOAACaNIA2CqbcDD7IQwT%2FhNToUFLRjJ1N%2FGVebZUBNxCQe0WKU%2FH1m78%2Bpthzq14PYQ0eNpQmsTvKNr7lDWrcE%3D&X-Amz-Algorithm=AWS4-HMAC-SHA256&X-Amz-Date=20250318T193426Z&X-Amz-SignedHeaders=host&X-Amz-Expires=300&X-Amz-Credential=ASIAQ3PHCVTYQDEEZHTQ%2F20250318%2Fus-east-1%2Fs3%2Faws4_request&X-Amz-Signature=fe71d6df5b67b0ab091d9694aad3c40b2fb0509e2945dd64817228a57e351526&hash=6bae9c6bd9770c5bc070ca996a929e2f37fc1270b5f5c83d296be16c3164bd1a&host=68042c943591013ac2b2430a89b270f6af2c76d8dfd086a07176afe7c76c2c61&pii=S2352710222010750&tid=pdf-625adebd-0075-4104-a04d-692ef215cf35&sid=d9d743a0769a26471f385f05288b6cd5871dgxrqa&type=client",
    year = "2022",
    journal="arxiv" ,
doi ={https://doi.org/10.1016/j.jobe.2022.105067}
}

@article{Luo,
    author = "{ Yun Luo and Zhen Yang and , Fandong Meng and Yafu Li and Jie Zhou and Yue Zhang}",
    title = {"An Empirical Study of Catastrophic Forgetting in Large
             Language Models During Continual Fine-tuning"},
    url  = "https://arxiv.org/pdf/2308.08747",
    year = "2025",
    journal="arxiv" ,
   doi ={
https://doi.org/10.48550/arXiv.2308.08747
}
}


@article{Coraci,
    author = "Davide Coraci and Silvio Brandi and Tianzhen Hong and Alfonso Capozzoli",
    title = {"An innovative heterogeneous transfer learning framework to enhance 
the scalability of deep reinforcement learning controllers in buildings 
with integrated energy systems"},
    url  = "https://link.springer.com/article/10.1007/s12273-024-1109-6",
    year = "2024",
    journal="Springer",
doi ={https://doi.org/10.1007/s12273-024-1109-6}
}


@article{Maier,
    author = "Laura Maier and Julius Brillert and Ettore Zanetti and  Dirk Müller",
    title = {" Approximating modelpredictive control strategies for heat pump systems
 applied to the building optimization testing framework (BOPTEST)"},
    url  = "https://www.tandfonline.com/doi/full/10.1080/19401493.2023.2280577",
    year = "2023",
    journal="Taylor \& Francis",
doi ={https://doi.org/10.1080/19401493.2023.2280577}
   
}


@article{Blum,
    author = "David Blum and Javier Arroyo and Sen Huang and Ján Drgoňa and Filip Jorissen and Harald Taxt Walnum and Yan Chen and Kyle Benne and Draguna Vrabie and Michael Wetter  and Lieve
 Helsen",
    title = {"Building optimization testing framework
 (BOPTEST) for simulation-based benchmarking of
 control strategies in buildings"},
    url  = "https://www.tandfonline.com/doi/full/10.1080/19401493.2021.1986574",
    year = "2021",
    journal="Taylor \& Francis",
doi ={https://doi.org/10.1080/19401493.2021.1986574}
   
}


@article{Chauhan,
    author = "Vinod Kumar Chauhan and Jiandong Zhou1 and Ping Lu1 and Soheila Molaei1 and David A. Clifton1",
    title = {"A BRIEF REVIEW OF HYPERNETWORKS IN DEEP LEARNING"},
    url  = "https://arxiv.org/pdf/2306.06955",
    year = "2024",
    journal="arxiv",
doi ={
https://doi.org/10.1007/s10462-024-10862-8
}
   
}

@article{Wang,
    author = " Liyuan Wang and Xingxing Zhang and Hang Su and Jun Zhu",
    title = {" A Comprehensive Survey of Continual Learning: Theory, Method and Application"},
    url  = "https://arxiv.org/pdf/2302.00487",
    year = "2024",
    journal="arxiv",
doi ={
https://doi.org/10.48550/arXiv.2302.00487
}
   
}


@article{Gao,
    author = "Cheng Gao and Dan Wang",
    title = {"Comparative study of model-based and model-free reinforcement 
learning control performance in HVAC systems"},
    url  = "https://www.sciencedirect.com/science/article/abs/pii/S2352710223010318",
    year = "2023",
    journal="Elsevier",
  doi ={https://doi.org/10.1016/j.jobe.2023.106852
}
   
}

@article{Haarnoja,
    author = "Tuomas Haarnoja and Aurick Zhou and Pieter Abbeel and Sergey Levine",
    title = {"Soft Actor-Critic:
 Off-Policy Maximum Entropy Deep Reinforcement
 Learning with a Stochastic Actor"},
    url  = "https://arxiv.org/pdf/1801.01290",
    year = "2018",
    journal="arxiv",
doi ={
https://doi.org/10.48550/arXiv.1801.01290
}
}


@article{Oswald,
    author = "Johannes von Oswald and Christian Henning and Benjamin F. Grewe and João Sacramento",
    title = {"Continual learning with hypernetworks"},
    url  = "https://arxiv.org/pdf/1801.01290",
    year = "2019",
    journal="arxiv",
doi ={
https://doi.org/10.48550/arXiv.1906.00695
}
}



@article{Rolnick,
    author = "David Rolnick and Arun Ahuja and Jonathan Schwarz and Timothy P. Lillicrap and Greg Wayne",
    title = {"Experience Replay for Continual Learning"},
    url  = "https://arxiv.org/abs/1811.11682",
    year = "2018",
    journal="arxiv",
doi ={
https://doi.org/10.48550/arXiv.1811.11682
}
}



@article{Mnih,
    author = "Volodymyr Mnih and Koray Kavukcuoglu and David Silver and Alex Graves and Ioannis Antonoglou and Daan Wierstra and Martin Riedmiller",
    title = {"Playing Atari with Deep Reinforcement Learning"},
    url  = "https://arxiv.org/abs/1312.5602",
    year = "2013",
    journal="arxiv",
doi = {
https://doi.org/10.48550/arXiv.1312.5602
}
}



@article{Pathak,
    author = "Deepak Pathak and Pulkit Agrawal and Alexei A. Efros and Trevor Darrell",
    title = {"Curiosity-driven Exploration by Self-supervised Prediction"},
    url  = "https://proceedings.mlr.press/v70/pathak17a/pathak17a.pdf",
    year = "2017",
    journal="ICML"
   
}


@article{Anderson,
    author = "Charles W. Anderson and Minwoo Lee† and Daniel L. Elliott",
    title = {"Faster Reinforcement Learning After Pretraining Deep Networks to Predict State Dynamics"},
    url="https://ieeexplore.ieee.org/document/7280824",
    year = "2015",
    journal="IEEE Xplore"   
            }

@article{Burda,
    author = "Yuri Burda and Harri Edwards and Deepak Pathak and Amos Storkey and Trevor Darrell, Alexei A. Efros",
    title = {"Large-Scale Study of Curiosity-Driven Learning"},
    url="https://arxiv.org/pdf/1808.04355",
    year = "2019",
    journal="ICLR"   
            }

@article{Levine,
    author = "Aviral Kumar1 and Sergey Levine ",
    title = {"Offline Reinforcement Learning: Tutorial, Review,
 and Perspectives on Open Problems"},
    url="https://sites.google.com/view/offlinerltutorial-neurips2020/home",
    year = "2020",
    journal="NeurIPS"   
            }

@article{Xu,
    author = "Shichao Xu and Yixuan Wang and Yanzhi Wang and Zheng O'Neill and Qi Zhu",
    title = {"One for Many: Transfer Learning for Building HVAC Control"},
    url="https://dl.acm.org/doi/10.1145/3408308.3427617",
    year = "2020",
    journal="BuildSys",
doi ={
https://doi.org/10.1145/3408308.3427617
}
            }

@article{Fernando,
    author = "Chrisantha Fernando and Dylan Banarse and Charles Blundell and Yori Zwols and David Ha and Andrei A. Rusu and Alexander Pritzel and Daan Wierstra",
    title = {"PathNet: Evolution Channels Gradient Descent in Super
 Neural Networks"},
    url="https://arxiv.org/abs/1701.08734",
    year = "2017",
    journal="arxiv",
doi ={
https://doi.org/10.48550/arXiv.1701.08734
}
            }





@article{Anand,
    author = "Nishanth Anand and Doina Precup",
    title = {"Prediction and Control in Continual Reinforcement
 Learning"},
    url="https://arxiv.org/abs/2312.11669",
    year = "2023",
    journal="arxiv"      
            }



@article{Rusu,
    author = "Andrei A. Rusu and Neil C. Rabinowitz and Guillaume Desjardins and Hubert Soyer,
 James Kirkpatrick and Koray Kavukcuoglu and  Razvan Pascanu and Raia Hadsell",
    title = {"Progressive Neural Networks"},
    url="https://arxiv.org/abs/1606.04671",
    year = "2016",
    journal="arxiv"      
            }

@article{Taylor,
    author = " Matthew E. Taylor and  Peter Stone",
    title = {"Transfer Learning for Reinforcement Learning Domains: A Survey"},
    url="https://arxiv.org/abs/2009.07888",
    year = "2020",
    journal="arxiv"      
            }

@article{ Mirco,
    author = "Mirco Mutti and Mattia Mancassola1 and Marcello Restelli",
    title = {"Unsupervised Reinforcement Learning in Multiple Environments"},
    url="https://cdn.aaai.org/ojs/20754/20754-13-24767-1-2-20220628.pdf",
    year = "2022",
    journal="AAAI"      
            }



@article{ Erhan,
    author = "Dumitru Erhan and Yoshua Bengio and Aaron Courville and Pierre-Antoine Manzagol and
 Pascal Vincent",
    title = {"Why does Unsupervised Pre-training Help Deep Learning?"},
    url="https://www.jmlr.org/papers/volume11/erhan10a/erhan10a.pdf",
    year = "2009",
    journal="Journal of Machine Learning Research "      
            }

@article{ Kadamala,
    author = " Kevlyn Kadamala and Des Chambers and Enda Barrett",
    title = {"Enhancing HVAC control systems through transfer learning with deep 
reinforcement learning agents"},
    url="https://www.sciencedirect.com/science/article/pii/S2666955224000017?ssrnid=4581832&dgcid=SSRN_redirect_SD",
    year = "2024",
    journal="ELSEVIER",
doi = {https://doi.org/10.1016/j.segy.2024.100131}
            }
